%immer and dazwischen (vgl Bachelor literaturliste, wie was angegeben wird)

@Article{shao,
	author = {J. Shao},
	year = {1993},
	title = {Linear Model Selection by Cross-Validation},
	journal = {Journal of the American Statistical Association},
	volume = {88},
	number = {422},
	publisher = {Taylor \& Francis, Ltd. on behalf of the American Statistical Association},
	pages = {486-494},
	URL= {http://www.jstor.org/stable/27801550}
}

